<?xml version="1.0" encoding="UTF-8"?><collection xmlns="http://www.loc.gov/MARC21/slim"><record><leader>00388nam--2200157-i-4500</leader><controlfield tag="001">000047327</controlfield><controlfield tag="002">20161230</controlfield><controlfield tag="005">20170122111929</controlfield><controlfield tag="008">060222s1000------------r-----000-0-eng-d</controlfield><datafield ind1=" " ind2=" " tag="080"><subfield code="a">5:92(4)</subfield></datafield><datafield ind1=" " ind2=" " tag="245"><subfield code="a">Who`s eho in science in europe</subfield></datafield><datafield ind1=" " ind2=" " tag="250"><subfield code="a">second edition</subfield></datafield><datafield ind1=" " ind2=" " tag="260"><subfield code="a">London</subfield><subfield code="b">Francis Hodgson Ltd</subfield><subfield code="c">1972</subfield></datafield><datafield ind1=" " ind2=" " tag="300"><subfield code="a">/1941-2689</subfield></datafield><datafield ind1=" " ind2=" " tag="852"><subfield code="a">35762</subfield></datafield><datafield ind1=" " ind2=" " tag="CAT"><subfield code="a">SYS</subfield><subfield code="c">20170122</subfield><subfield code="h">111929</subfield></datafield></record></collection>